% For reference
@article{claerbout1991scrutiny,
    title=          {A Scrutiny of the Introduction},
    author=         {Claerbout, Jon F},
    journal=        {The Leading Edge},
    volume=         {10},
    number=         {1},
    pages=          {39--41},
    year=           {1991},
    publisher=      {Society of Exploration Geophysicists}
}

@Book{specialisation,
    Title=          {Immersive Virtual Field Trip for Field Course in Physical Geography},
    Author=         {Stian Bentsen Malmanger},
    Publisher=      {Norwegian University of Science and Technology - NTNU},
    Year=           {2019}
}

@misc{geog2012,
    title=          {GEOG2012 - Field Course in Physical Geography},
    howpublished=   {https://www.ntnu.edu/
    studies/courses/GEOG2012\#tab=omEmnet},
    journal=        {https://www.ntnu.edu/
    studies/courses/-GEOG2012\#tab=omEmnet},
    author=         {NTNU},
    year=           {2019},
    note=           {Accessed: 2019-10-31}
}

@misc{google_expeditions,
    title=          {Bring your lessons to life with Expeditions},
    howpublished=   {https://edu.google.com/
    products/vr-ar/expeditions/?modal\_active=none},
    journal=        {https://edu.google.com/
    products/vr-ar/expeditions/?modal\_active=none},
    author=         {Google},
    year=           {2019},
    note=           {Accessed: 2019-12-03}
}

@misc{bachelor,
    title =         {10 Treadmill IMTEL lab},
author =            {Simon N. Barak and Benjamin Fimreite and Filip Hagen and Trym E. E. Høgelid and Aleksander M. Karlsson and Maria E. Nylund and Asmund Staldvik},
publisher =         {Norwegian University of Science and Technology},
year =              {2019}
}

@misc{hypergrid,
    title={Virtual field trips at Penn State as educational as the real thing},
    howpublished={https://www.hypergridbusiness.com/2019/11/virtual-field-trips-at-penn-
    state-as-educational-as-the-real-thing/},
    journal={https://www.hypergridbusiness.com/2019/11/virtual-field-trips-at-penn-
    state-as-educational-as-the-real-thing/},
    author={Alex Korolov},
    year={2019},
    note={Accessed: 2019-12-04}
}

@misc{developing_and_evaluating,
    title={Developing and Evaluating VR Field Trips},
    howpublished={https://link.springer.com/chapter/
    10.1007\%2F978-3-319-63946-8\_22},
    journal={https://link.springer.com/chapter/
    10.1007\%2F978-3-319-63946-8\_22},
    author={Danielle Oprean and Jan Oliver Wallgrün and Jose Manuel Pinto Duarte and Debora Verniz and Jiayan Zhao and Alexander Klippel},
    year={2017},
    note={Accessed: 2019-12-04}
}

@book{research,
  author = {Oates, Briony J},
  year = {2006},
  title = {Researching Information Systems and Computing},
  publisher = {Sage Publications Ltd},
}

@misc{techopedia,
    title=          {Minimum Viable Product (MVP)},
    howpublished=   {https://www.techopedia.com/
    definition/27809/minimum-viable-product-mvp},
    journal=        {https://www.techopedia.com/
    definition/27809/minimum-viable-product-mvp},
    author=         {Techopedia},
    year=           {2020},
    note=           {Accessed: 2020-01-21}
}

@misc{hoydedata,
    title={HØYDEDATA},
    howpublished={https://hoydedata.no/LaserInnsyn/},
    journal={https://hoydedata.no/LaserInnsyn/},
    author={Geodata for Statens Kartverk},
    year={2019},
    note={Accessed: 2019-11-07}
}

@book{heuristics,
  author = {Thomas W. Malone},
  year = {1980},
  title = {What makes things fun to learn? Heuristics for designing instructional computer games},
  publisher = {Proceedings of the 3rd ACM SIGSMALL Symposium},
}

@book{ivft_effectiveness,
  author = {Kathy Jackson and Danielle Oprean and Chris Stubbs and Jiayan Zhao and Jordan Blair and Peter La Femina and Alex Klippel},
  year = {2017},
  title = {Investigating the promise of the virtual field trip: Capitalizing on the advantages of virtual reality for conveying field site information” in \emph{iLRN 2018 Montana Workshop, Long and Short Paper, and Poster Proceedings from the Fourth Immersive Learning Research Network Conference}},
  publisher = {Verlag der Technischen Universität Graz},
}

@book{lazzaro,
  author = {Nicole Lazzaro},
  year = {2008},
  title = {The Four Fun Keys. In \emph{Game Usability: Advice from the Experts for Advancing the Player Experience}, pages 317 - 343},
  publisher = {Taylor \& Francis, Burlington},
}

@misc{lidar,
    title={LIDAR—Light Detection and Ranging—is a remote sensing method used to examine the surface of the Earth.},
    howpublished={https://web.archive.org/web/
    20130530144617/http://oceanservice.noaa.gov/facts/lidar.html},
    journal={https://web.archive.org/web/
    20130530144617/http://oceanservice.noaa.gov/facts/lidar.html},
    author={\relax{NOAA - National Oceanic and Atmospheric Administration, United States Department of Commerce}},
    year={2013},
    note={Accessed: 2019-11-07}
}

@misc{lidar_canopy,
    title={A Complete Guide to LiDAR: Light Detection and Ranging},
    howpublished={https://gisgeography.com/lidar-light-detection-and-ranging/},
    journal={https://gisgeography.com/lidar-light-detection-and-ranging/},
    author={GISgeography.com},
    year={2015},
    note={Accessed: 2019-12-05}
}

@misc{merrian_webster,
    title={virtual reality},
    howpublished={https://www.merriam-webster.com/dictionary/
    virtual\%20reality},
    journal={https://www.merriam-webster.com/dictionary/
    virtual\%20reality},
    author={\relax{Merriam Webster}},
    year={2019},
    note={Accessed: 2019-10-17}
}

@misc{motion_sickness,
    title={Motion Sickenss},
    howpublished={https://www.healthline.com/health/motion-sickness},
    journal={https://www.healthline.com/health/motion-sickness},
    author={Healthline.com},
    year={2016},
    note={Accessed: 2019-10-24}
}

@misc{oculus_go,
    title={Oculus Go},
    howpublished={https://www.oculus.com/go/},
    journal={https://www.oculus.com/go/},
    author={\relax{Facebook Technologies, LCC}},
    year={2019},
    note={Accessed: 2019-12-05}
}

@misc{oculus_specs,
    title={Oculus Go review},
    howpublished={https://www.techradar.com/reviews/oculus-go/3},
    journal={https://www.techradar.com/reviews/oculus-go/3},
    author={TechRadar},
    year={2019},
    note={Accessed: 2019-12-05}
}

@misc{omni,
    title={Omni by Virtuix},
    howpublished={https://www.virtuix.com/},
    journal={https://www.virtuix.com/},
    author={Virtuix},
    year={2019},
    note={Accessed: 2019-11-07}
}

@misc{omni_sdk,
    title={DEVELOPER RESOURCE CENTER},
    howpublished={https://www.virtuix.com/developers/},
    journal={https://www.virtuix.com/developers/},
    author={Virtuix},
    year={2019},
    note={Accessed: 2019-11-07}
}

@misc{oxford,
    title={Definition of virtual reality in English},
    howpublished={https://www.lexico.com/en/
    definition/virtual\_reality},
    journal={https://www.lexico.com/en/
    definition/virtual\_reality},
    author={\relax{Oxford Dictionary}},
    year={2019},
    note={Accessed: 2019-10-17}
}

@misc{postural_instability,
    title={An Ecological Theory of Motion Sickness and Postural Instability},
    howpublished={https://www.researchgate.net/publication/239393320\_An\_Ecological\_Theory
    \_of\_Motion\_Sickness\_and\_Postural\_Instability},
    journal={https://www.researchgate.net/publication/239393320\_An\_Ecological\_Theory\_of\_Motion\_Sickness\_and\_Postural\_Instability},
    author={Riccio, G. E., \& Stoffregen},
    year={1991},
    note={Accessed: 2019-10-24}
}

@misc{reality_virtuality_continuum,
    title={Augmented reality: a class of displays on the reality-virtuality continuum},
    howpublished={https://www.spiedigitallibrary.org/
    conference-proceedings-of-spie/2351/1/Augmented-reality--a-class-of-displays-on-the-reality/10.1117/12.197321.full?SSO=1},
    journal={https://www.spiedigitallibrary.org/
    conference-proceedings-of-spie/2351/1/Augmented-reality--a-class-of-displays-on-the-reality/10.1117/12.197321.full?SSO=1},
    author={Paul Milgram and Haruo Takemura and Akira Utsumi and Fumio Kishino},
    year={1995},
    note={Accessed: 2019-10-24}
}

@misc{research_framework,
    title={Research Framework for Immersive Virtual Field Trips},
    howpublished={ },
    journal={ },
    author={A. Klippel and J. Zhao and D. Oprean and J. O. Wallgrün and Jack Shen-Kuen Chang},
    year={2019},
    note={ }
}

@book{the_vr_book,
  author = {Jason Jerald, Ph.D.},
  year = {2016},
  title = {The VR Book},
  publisher = {New York, NY, USA: Association for Computing Machinery and Morgan Claypool.},
  note={isbn: 978-1-97000-112-9}
}

@misc{vft_geoscience,
    title={iVR for the geosciences},
    howpublished={https://ieeexplore.ieee.org/abstract/document/7961557/
    authors\#authors},
    journal={https://ieeexplore.ieee.org/abstract/document/7961557/
    authors\#authors},
    author={Jiayan Zhao and P. LaFemina and J. O. Wallgrün and D. Oprean and A. Klippel},
    year={2018},
    note={Accessed: 2019-12-03}
}

@misc{virtual_field_trips_learning,
    title={Immersive Virtual Reality Field Trips Facilitate Learning About Climate Change},
    howpublished={https://vhil.stanford.edu/mm/2018/11/markowitz-fpsyg-IVR-field-trips.pdf},
    journal={https://vhil.stanford.edu/mm/2018/11/markowitz-fpsyg-IVR-field-trips.pdf},
    author={David M. Markowitz and Rob Laha and Brian P. Perone and Roy D. Pea and Jeremy N. Bailenson},
    year={2018},
    note={Accessed: 2019-10-11}
}

@misc{vive_pro,
    title={VIVE PRO},
    howpublished={https://www.vive.com/us/product/vive-pro/},
    journal={https://www.vive.com/us/product/vive-pro/},
    author={\relax{HTC Corporation}},
    year={2019},
    note={Accessed: 2019-12-05}
}

@misc{vr_low_cost,
    title={Low-Cost VR Applications to Experience Real Word Places Anytime, Anywhere, and with Anyone},
    howpublished={https://ieeexplore.ieee.org/abstract/document/8809593},
    journal={https://ieeexplore.ieee.org/abstract/document/8809593},
    author={Jan Oliver Wallgrün and Arif Masrur and Jiayan Zhao and Alan Taylor and Eric Knapp and Jack Chang and Alexander Klippel},
    year={2019},
    note={Accessed: 2019-12-03}
}

@book{vr_low_income,
  author = {A. Vishwanath and M. Kam and N. Kumar},
  year = {2017},
  title = {Examining low-cost virtual reality for learning in low-resource environments,” in \emph{Proceedings of the 2017 Conference on Designing Interactive Systems}},
  publisher = {Edinburgh: ACM},
}

@misc{vr_sickness,
    title={A comparative study of cybersickness during exposure to virtual reality and "classic" motion sickness: are they different?},
    howpublished={https://www.physiology.org/doi/full/10.1152/
    japplphysiol.00338.2018},
    journal={https://www.physiology.org/doi/full/10.1152/
    japplphysiol.00338.2018},
    author={Alireza Mazloumi Gavgani and Frederick R. Walker and Deborah M Hodgson and Eugene Nalivaiko},
    year={2018},
    note={Accessed: 2019-10-24}
}

@misc{vr_sickness_theories,
    title={Motion Sickness in VR},
    howpublished={https://uxplanet.org/motion-sickness-in-vr-3fa8a78216e2},
    journal={https://uxplanet.org/motion-sickness-in-vr-3fa8a78216e2},
    author={Anastasiia Ku},
    year={2018},
    note={Accessed: 2019}
}

@misc{xr,
    title={What Is Extended Reality Technology? A Simple Explanation For Anyone},
    howpublished={https://www.forbes.com/sites/bernardmarr/2019/08/12/what-is-extended-reality-technology-a-simple-explanation-for-anyone/\#721402207249},
    journal={https://www.forbes.com/sites/bernardmarr/2019/08/12/what-is-extended-reality-technology-a-simple-explanation-for-anyone/\#721402207249},
    author={Bernard Marr},
    year={2019},
    note={Accessed: 2019-10-24}
}

@misc{google_earth_vr,
    title={Introducing Google Earth VR},
    howpublished={https://arvr.google.com/earth/},
    journal={https://arvr.google.com/earth/},
    author={Google},
    year={2019},
    note={Accessed: 2019-12-03}
}

@misc{lastools,
    title={LAStools: award-winning software for rapid LiDAR processing},
    howpublished={http://
    lastools.org/},
    journal={http://
    lastools.org/},
    author={rapidlasso},
    year={2019},
    note={Accessed: 2019-11-07}
}

@inproceedings {LocalChapterEvents:ItalChap:ItalianChapConf2008:129-136, booktitle = {Eurographics Italian Chapter Conference}, editor = {Vittorio Scarano and Rosario De Chiara and Ugo Erra}, title = {{MeshLab: an Open-Source Mesh Processing Tool}}, author = {Cignoni, Paolo and Callieri, Marco and Corsini, Massimiliano and Dellepiane, Matteo and Ganovelli, Fabio and Ranzuglia, Guido}, year = {2008}, publisher = {The Eurographics Association}, ISBN = {978-3-905673-68-5}, DOI = {10.2312/LocalChapterEvents/ItalChap/ItalianChapConf2008/129-136} }

@article{kazhdan2013screened, title={Screened poisson surface reconstruction}, author={Kazhdan, Michael and Hoppe, Hugues}, journal={ACM Transactions on Graphics (TOG)}, volume={32}, number={3}, pages={29}, year={2013}, publisher={ACM} }

@misc{blender,
    title={About},
    howpublished={https://www.blender.org/about/},
    journal={https://www.blender.org/about/},
    author={The Blender Foundation},
    year={2020},
    note={Accessed: 2020-01-30}
}

@book{threei,
  author = {Grigore C. Burdea and Philippe Coiffet},
  year = {2003},
  title = {Examining low-cost virtual reality for learning in low-resource environments,” in \emph{Virtual Reality Technology}},
  publisher = {John Wiley \& Sons, Inc. Hoboken, New Jersey},
}

@book{league,
  author = {Rabail Tahir and Alf Inge Wang},
  year = {2018},
  title = {Codifying Game-Based Learning: The LEAGUE framework for Evaluation},
  publisher = {European Conference on Games Based Learning},
}

@misc{gdpr_eu,
    title={General Data Protection Regulation - GDPR},
    howpublished={https://gdpr-info.eu/},
    journal={https://gdpr-info.eu/},
    author={Intersoft Consulting},
    year={2020},
    note={Accessed: 2020-02-21}
}

@misc{gdpr_research,
    title={General Data Protection Regulation (GDPR) and user research},
    howpublished={https://medium.com/design-research-matters/general-data-protection-regulation-gdpr-and-user-research-e00a5b29338e},
    journal={https://medium.com/design-research-matters/general-data-protection-regulation-gdpr-and-user-research-e00a5b29338e},
    author={Steph Troeth and Erica Kucharczyk},
    year={2018},
    note={Accessed: 2020-02-21}
}

@misc{ueq_questionnaire,
    title={UEQ - User Experience Questionnaire},
    howpublished={https://www.ueq-online.org/},
    journal={https://www.ueq-online.org/},
    author={Team UEQ},
    year={2020},
    note={Accessed: 2020-02-21}
}

@misc{google_forms,
    title={Google Forms},
    howpublished={https://www.google.com/forms/about/},
    journal={https://www.google.com/forms/about/},
    author={Google},
    year={2020},
    note={Accessed: 2020-02-21}
}

@book{ski_jump,
  author = {Emil Moltu Staurset},
  year = {2015},
  title = {Creating an immersive virtual reality application for ski jumping},
  publisher = {Norwegian University of Science and Technology},
}

@misc{skybox_images,
    title={Implementing a Stereoscopic Skybox into Unity for Virtual Reality},
    howpublished={https://medium.com/@mheavers/implementing-a-stereo-skybox-into-unity-for-virtual-reality-e427cf338b06},
    journal={https://medium.com/@mheavers/implementing-a-stereo-skybox-into-unity-for-virtual-reality-e427cf338b06},
    author={Mike Heavers},
    year={2018},
    note={Accessed: 2020-02-26}
}

@book{learning_in_the_field,
  author = {Jiayan Zhao and Peter LaFemina and Julia Carr and Pejman Sajjadi and Jan Oliver Wallgrün and Alexander Klippel},
  year = {2015},
  title = {Learning in the Field: Comparison of Desktop, Immersive Virtual Reality, and Actual Field Trips for Place-Based STEM Education},
  publisher = {The Pennsylvania State University },
}

@misc{polybrush,
    title={Polybrush},
    howpublished={https://unity3d.com/unity/features/worldbuilding/polybrush},
    journal={https://unity3d.com/unity/features/worldbuilding/polybrush},
    author={Unity Technologies},
    year={2020},
    note={Accessed: 2020-04-15}
}

@misc{transforming_earth_science,
    title={Transforming Earth Science Education Through Immersive Experiences: Delivering on a Long Held Promise},
    howpublished={https://journals.
    sagepub.com/doi/pdf/10.1177/0735633119854025},
    journal={https://journals.
    sagepub.com/doi/pdf/10.1177/0735633119854025},
    author={Alexander Klippel and Jiayan Zhao and Kathy Lou Jackson and Peter La Femina and Chris Stubbs and Ryan Wetzel and Jordan Blair and Jan Oliver Wallgrün and Danielle Oprean},
    year={2019},
    note={Accessed: 2020-04-27}
}

@misc{desktop_virtual_reality,
    title={How does desktop virtual reality enhance learning outcomes? A structural equation modeling approach},
    howpublished={https://www.sciencedirect.com/science/article/abs/pii/S0360131510001661?
    casa\_token=j8UvHF38nJsAAAAA:CVh3yaI7XU6fKl\_bc3JT5pfGtlOXvGvAYpepGw4EgKcu-VFjEi5l7uVSBWg18S1EFf4JsWFFLVc\#appseca1},
    journal={https://www.sciencedirect.com/science/article/abs/pii/S0360131510001661?casa\_token=j8UvHF38nJsAAAAA:CVh3yaI7XU6fKl\_bc3JT5pfGtlOXvGvAYpepGw4EgKcu-VFjEi5l7uVSBWg18S1EFf4JsWFFLVc\#appseca1},
    author={Elinda Ai-Lim Lee and Kok Wai Wonga and Chun Che Fung},
    year={2010},
    note={Accessed: 2020-04-27}
}

@misc{the_value_of_beeing_there,
    title={The value of being there: toward a science of immersive virtual field trips},
    howpublished={https://link.springer.com/article/10.1007/s10055-019-00418-5#Sec3},
    journal={https://link.springer.com/article/10.1007/s10055-019-00418-5#Sec3},
    author={Alexander Klippel and Jiayan Zhao and Danielle Oprean and Jan Oliver Wallgrün and Chris Stubbs and Peter La Femina  and Kathy L. Jackson },
    year={2019},
    note={Accessed: 2020-04-27}
}

@misc{sus,
    title={System Usability Scale (SUS)},
    howpublished={https://www.usability.gov/how-to-and-tools/methods/system-usability-scale.html},
    journal={https://www.usability.gov/how-to-and-tools/methods/system-usability-scale.html},
    author={usability.gov},
    year={2020},
    note={Accessed: 2020-04-27}
}

@misc{likert,
    title={Likert Scale Definition, Examples and Analysis},
    howpublished={https://www.
    simplypsychology.
    org/likert-scale.html},
    journal={https://www.simplypsychology.org/likert-scale.html},
    author={Saul McLeod},
    year={2019},
    note={Accessed: 2020-04-27}
}

@misc{penn_state,
    title={Penn State},
    howpublished={https://www.psu.edu/},
    journal={https://www.psu.edu/},
    author={The Pennsylvania State University},
    year={2020},
    note={Accessed: 2020-05-06}
}

@misc{ive,
    title={Experiencing Nature through Immersive Virtual Environments: Environmental Perceptions, Physical Engagement, and Affective Responses during a Simulated Nature Walk},
    howpublished={https://www.frontiersin.org/articles/10.3389/fpsyg.2017.02321/full},
    journal={https://www.frontiersin.org/articles/10.3389/fpsyg.2017.02321/full},
    author={Giovanna Calogiuri and Sigbjørn Litleskare and Kaia A. Fagerheim and Tore L. Rydgren and Elena Brambilla1 and Miranda Thurston},
    year={2018},
    note={Accessed: 2020-05-11}
}

@misc{innland_university,
    title={Inland Norway University of Applied Sciences},
    howpublished={https://eng.inn.no/},
    journal={https://eng.inn.no/},
    author={Inland Norway University of Applied Sciences},
    year={2020},
    note={Accessed: 2020-05-11}
}

@misc{ive_definition,
    title={Immersive virtual environment technology
as a basic research tool in psychology},
    howpublished={https://link.springer.com/content/pdf/10.3758/BF03200735.pdf},
    journal={https://link.springer.com/content/pdf/10.3758/BF03200735.pdf},
    author={JACK M. LOOMIS and JAMES J. BLASCOVICH and ANDREW C. BEALL},
    year={1999},
    note={Accessed: 2020-05-11}
}

@misc{florida_vft,
    title={Epic Games awarded a \$25,000 grant to University of Central Florida information scientist and artist Maria Harrington through its MegaGrants programme},
    howpublished={https://vrworldtech.com/2020/05/12/epic-games-backs-vr-field-trip-through-unspoiled-florida-habitat/},
    journal={https://vrworldtech.com/2020/05/12/epic-games-backs-vr-field-trip-through-unspoiled-florida-habitat/},
    author={Mark Dugdale},
    year={2020},
    note={Accessed: 2020-05-14}
}
